<?xml version="1.0" encoding="UTF-8"?><collection xmlns="http://www.loc.gov/MARC21/slim"><record><leader>00370nam--2200121-i-4500</leader><controlfield tag="001">000001808</controlfield><controlfield tag="002">20161230</controlfield><controlfield tag="005">20161230201024</controlfield><controlfield tag="008">060222s1000------------r-----000-0-eng-d</controlfield><datafield ind1=" " ind2=" " tag="080"><subfield code="a">621.039.7</subfield></datafield><datafield ind1=" " ind2=" " tag="245"><subfield code="a">Etude du comportement de la contamination radioactivite dans les installations</subfield></datafield><datafield ind1=" " ind2=" " tag="260"><subfield code="a">Paris, Direction Du Cabinet Du Haut- Commissaire, 1966. P.Dif</subfield></datafield><datafield ind1=" " ind2=" " tag="852"><subfield code="a">27854</subfield></datafield></record></collection>